% -*- bibtex -*-

@article(Borland07,
	author = "David Borland and Russell M. Taylor II",
	title = "Rainbow Color Map (Still) Considered Harmful",
	journal = "IEEE Computer Graphics and Applications",
	volume = "27",
	number = "2",
	month = "March/April",
	year = "2007",
	pages = "14--17",
	synopsis = "The paper that inspired me to change the default ParaView color map to begin with."
)

@book(Ware04,
	author = "Colin Ware",
	title = "Information Visualization: Perception for Design",
	edition = "2nd",
	publisher = "Morgan Kaufmann",
	year = "2004",
	note = "ISBN 1-55860-819-2"
)

@article(Light04,
	author = "A. Light and P.J. Bartlein",
	title = "The End of the Rainbow?  {C}olor Schemes for Improved Data Graphics.",
	journal = "EOS, Transactions, American Geophysical Union",
	volume = "85",
	number = "40",
	month = "October",
	year = "2007",
	pages = "385, 391",
	synopsis = "Discusses not using the rainbow color map for weather data.  In addition to the normal perceptual problems, addresses the issues with viewers that have color-deficient vision.  In particular, simulates what the images look like with protanopic vision."
)

@article(Rogowitz96,
	author = "Bernice E. Rogowitz and Lloyd A. Treinish and Steve Bryson",
	title = "How NOT to Lie with Visualization",
	journal = "Computers in Physics",
	volume = "10",
	number = "3",
	month = "May/June",
	year = "1996",
	pages = "268--273",
	synopsis = "The unique nugget here is the observation that observers can see high frequency changes in luminance more readily than with saturation or hue, whereas to opposite is true for low frequency data."
)

@article(Ware88,
	author = "Colin Ware",
	title = "Color Sequences for Univariate Maps: Theory, Experiments, and Principles",
	journal = "IEEE Computer Graphics and Applications",
	volume = "8",
	number = "5",
	month = "September/October",
	year = "1988",
	pages = "41--49",
	synopsis = "Early paper introducing some theory on color perception and proposes some perceptually based color maps.  Most of this information is repeated in Ware's book."
)
